<record><leader>00000cas a2200000 a 4500</leader><controlfield tag="001">71200600</controlfield><controlfield tag="008">060829u1934uuuunduqr n      s0    0eng  </controlfield><datafield ind1=" " ind2=" " tag="010"><subfield code="a">  2006220422</subfield></datafield><datafield ind1=" " ind2=" " tag="040"><subfield code="a">AGL</subfield><subfield code="b">eng</subfield><subfield code="c">AGL</subfield><subfield code="d">AGL</subfield><subfield code="d">OCLCQ</subfield><subfield code="d">OCLCF</subfield><subfield code="d">OCLCO</subfield></datafield><datafield ind1="1" ind2=" " tag="029"><subfield code="a">AU@</subfield><subfield code="b">000040735158</subfield></datafield><datafield ind1=" " ind2=" " tag="042"><subfield code="a">pcc</subfield></datafield><datafield ind1=" " ind2=" " tag="043"><subfield code="a">n-us-nd</subfield></datafield><datafield ind1="0" ind2=" " tag="070"><subfield code="a">275.29</subfield><subfield code="b">N812Er</subfield></datafield><datafield ind1=" " ind2="0" tag="072"><subfield code="a">C210</subfield></datafield><datafield ind1=" " ind2="0" tag="072"><subfield code="a">A000</subfield></datafield><datafield ind1="0" ind2=" " tag="130"><subfield code="a">Extension review (Fargo, N.D.)</subfield></datafield><datafield ind1="1" ind2="4" tag="245"><subfield code="a">The extension review.</subfield></datafield><datafield ind1=" " ind2=" " tag="260"><subfield code="a">Fargo, N.D. :</subfield><subfield code="b">Extension Service, North Dakota Agricultural College,</subfield><subfield code="c">1934-</subfield></datafield><datafield ind1=" " ind2=" " tag="300"><subfield code="a">v. :</subfield><subfield code="b">ill. ;</subfield><subfield code="c">37 cm.</subfield></datafield><datafield ind1=" " ind2=" " tag="310"><subfield code="a">Quarterly,</subfield><subfield code="b">Jan./Feb./Mar. 1935-</subfield></datafield><datafield ind1=" " ind2=" " tag="321"><subfield code="a">Bimonthly,</subfield><subfield code="b">July 1934-Dec. 1934</subfield></datafield><datafield ind1="0" ind2=" " tag="362"><subfield code="a">Vol. 1, no. 1 (May 1934)-</subfield></datafield><datafield ind1=" " ind2=" " tag="500"><subfield code="a">Title from cover.</subfield></datafield><datafield ind1=" " ind2=" " tag="588"><subfield code="a">Latest issue consulted: Vol. 2, no. 2 (Apr./May/Jun. 1937).</subfield></datafield><datafield ind1=" " ind2="0" tag="650"><subfield code="a">Agricultural extension work</subfield><subfield code="z">North Dakota</subfield><subfield code="v">Periodicals.</subfield></datafield><datafield ind1=" " ind2="0" tag="650"><subfield code="a">Agriculture</subfield><subfield code="z">North Dakota</subfield><subfield code="v">Periodicals.</subfield></datafield><datafield ind1=" " ind2="7" tag="655"><subfield code="a">Periodicals.</subfield><subfield code="2">fast</subfield><subfield code="0">(OCoLC)fst01411641</subfield></datafield><datafield ind1=" " ind2="7" tag="650"><subfield code="a">Agricultural extension work.</subfield><subfield code="2">fast</subfield><subfield code="0">(OCoLC)fst00800781</subfield></datafield><datafield ind1=" " ind2="7" tag="650"><subfield code="a">Agriculture.</subfield><subfield code="2">fast</subfield><subfield code="0">(OCoLC)fst00801355</subfield></datafield><datafield ind1=" " ind2="7" tag="651"><subfield code="a">North Dakota.</subfield><subfield code="2">fast</subfield><subfield code="0">(OCoLC)fst01205582</subfield></datafield><datafield ind1="2" ind2=" " tag="710"><subfield code="a">North Dakota Agricultural College.</subfield><subfield code="b">Extension Service.</subfield></datafield><datafield ind1="0" ind2="0" tag="780"><subfield code="t">Farm economic information (Fargo, N.D.)</subfield><subfield code="w">(DLC)  2006220415</subfield><subfield code="w">(OCoLC)38850048</subfield></datafield><datafield ind1=" " ind2=" " tag="850"><subfield code="a">DNAL</subfield></datafield></record>